@misc{inkstitch,
  title = {Ink/Stitch: An Open-Source Machine Embroidery Design Platform},
  howpublished = {\url{https://inkstitch.org/}},
  note = {Accessed: 2023-10-28},
  year = {2023},
  author = {{Ink/Stitch Contributors}}
}
@article{keune2022,
  title = {Fabric-Based Computing: (Re)Examining the Materiality of Computer Science Learning Through Fiber Crafts},
  author = {Keune, Anna},
  journal = {KI - KÃ¼nstliche Intelligenz},
  volume = {36},
  number = {1},
  pages = {69--72},
  year = {2022},
  month = {Mar},
  doi = {10.1007/s13218-021-00747-1},
  url = {https://doi.org/10.1007/s13218-021-00747-1}
}
@article{plant1995,
  title = {The Future Looms: Weaving Women and Cybernetics},
  author = {Plant, Sadie},
  journal = {Body \& Society},
  volume = {1},
  number = {3-4},
  pages = {45--64},
  year = {1995},
  doi = {10.1177/1357034X95001003003},
  url = {https://doi.org/10.1177/1357034X95001003003}
}
@inproceedings{qiu2013,
  title = {A curriculum for teaching computer science through computational textiles},
  author = {Qiu, Kanjun and Buechley, Leah and Baafi, Edward and Dubow, Wendy},
  booktitle = {Proceedings of the 12th International Conference on Interaction Design and Children},
  pages = {20--27},
  year = {2013},
  organization = {ACM},
  doi = {10.1145/2485760.2485787},
  url = {https://doi.org/10.1145/2485760.2485787}
}
